@incollection{Ahlqvist_2017,
  year =         2017,
  month =        {nov},
  publisher =    {Springer International Publishing},
  pages =        {19--35},
  author =       {Ola Ahlqvist and Swaroop Joshi and Rohan Benkar and Kiril
                  Vatev and Rajiv Ramnath and Andrew Heckler and Neelam
                  Soundarajan},
  title =        {Defining a Geogame Genre Using Core Concepts of Games, Play,
                  and Geographic Information and Thinking},
  booktitle =    {Advances in Geographic Information Science}
}

@inproceedings{soundarajan:2014:asee,
  title =        {A novel approach to collaborative learning in the flipped
                  classroom},
  booktitle =    {121st {ASEE Annual Conference and Exposition}},
  publisher =    {American Society for Engineering Education},
  year =         {2014},
  author =       {Neelam Soundarajan and Swaroop Joshi and Rajiv Ramnath}
}
@inproceedings{Soundarajan:2015:icse,
  year =         2015,
  publisher =    {Institute of Electrical {\&} Electronics Engineers ({IEEE})},
  author =       {Neelam Soundarajan and Swaroop Joshi and Rajiv Ramnath},
  title =        {Collaborative and Cooperative-Learning in Software Engineering
                  Courses},
  booktitle =    {2015 {IEEE}/{ACM} 37th {IEEE} International Conference on
                  Software Engineering}
}
@inproceedings{Soundarajan:2015:asee,
  year =         2015,
  publisher =    {American Society for Engineering Education},
  author =       {Neelam Soundarajan and Swaroop Joshi and Rajiv Ramnath},
  title =        {Work-in-Progress: Conflict-Driven Cooperative Learning in
                  Engineering Courses},
  booktitle =    {122nd {ASEE} Annual Conference and Exposition Proceedings}
}
@inproceedings{joshi:2016:ncs,
  year =         2016,
  publisher =    {American Society for Engineering Education},
  author =       {Swaroop Joshi and Neelam Soundarajan},
  title =        {Exploring conflict-based collaborative learning in engineering
                  courses},
  booktitle =    {{ASEE} North Central Sectional Conference Proceedings}
}
@inproceedings{joshi:2016:asee,
  year =         2016,
  publisher =    {American Society for Engineering Education},
  author =       {Swaroop Joshi and Neelam Soundarajan},
  title =        {{CONSIDER}: A Novel Approach to Conflict-Driven Collaborative
                  Learning in Engineering Courses},
  booktitle =    {123rd {ASEE} Annual Conference {\&} Exposition Proceedings}
}
@INPROCEEDINGS{Josh1610:Enabling,
  author =       {Swaroop Joshi and Neelam Soundarajan},
  title =        {Enabling Deep Conceptual Learning in Computing Courses through
                  Conflict-based Collaborative Learning},
  booktitle =    {46th IEEE Frontiers in Education Conference (FIE)},
  address =      {Erie, USA},
  year =         {2016},
  publisher =    {Institute of Electrical and Electronics Engineers ({IEEE})},
}

@inproceedings{joshi:2017:asee,
  year =         2017,
  publisher =    {American Society for Engineering Education},
  author =       {Swaroop Joshi and Neelam Soundarajan},
  title =        {Using {Anonymity} and {Rounds-Based} {Structure} for
                  {Effective} {Online} {Discussions} in {STEM} {Courses}},
  booktitle =    {124th {ASEE} Annual Conference {\&} Exposition Proceedings}
}
