
@PhdThesis{joshi:2017:phd,
  author =       {Swaroop Ravindra Joshi},
  month =        8,
  school =       {The Ohio State University},
  title =        {CONSIDER: A Novel, Online Approach to Conflict-Driven
                  Collaborative-Learning},
  year =         2017,
  keywords =     {thesis},
}

@MastersThesis{joshi:2010:gdfa,
  author =       {Swaroop Joshi},
  month =        {6},
  school =       {Indian Institute of Technology Bombay},
  title =        {Extending the {Generic Data-Flow Analyzer} (gdfa) in {GCC}},
  year =         2010,
  keywords =     {thesis, gdfa},
}

@inproceedings{soundarajan:2014:asee,
  title =        {Work-in-progress: A novel approach to collaborative learning
                  in the flipped classroom},
  booktitle =    {121st {ASEE Annual Conference and Exposition}},
  publisher =    {American Society for Engineering Education},
  month =        {6},
  year =         2014,
  author =       {Neelam Soundarajan and Swaroop Joshi and Rajiv Ramnath}
}

@inproceedings{joshi:2015:sigcse,
  month =        {3},
  year =         2015,
  publisher =    {Association for Computing Machinery ({ACM})},
  author =       {Swaroop Joshi and Neelam Soundarajan and Rajiv Ramnath},
  title =        {Conflict-Driven Cooperative-Learning in Computing Courses
                  (Abstract Only)},
  booktitle =    {Proceedings of the 46th {ACM} Technical Symposium on Computer
                  Science Education - {SIGCSE} {\textquotesingle}15}
}

@inproceedings{Soundarajan:2015:icse,
  year =         2015,
  month =        {5},
  publisher =    {Institute of Electrical {\&} Electronics Engineers ({IEEE})},
  author =       {Neelam Soundarajan and Swaroop Joshi and Rajiv Ramnath},
  title =        {Collaborative and Cooperative-Learning in Software Engineering
                  Courses},
  booktitle =    {2015 {IEEE}/{ACM} 37th {IEEE} International Conference on
                  Software Engineering}
}

@inproceedings{Soundarajan:2015:asee,
  year =         2015,
  month =        {6},
  publisher =    {American Society for Engineering Education},
  author =       {Neelam Soundarajan and Swaroop Joshi and Rajiv Ramnath},
  title =        {Work-in-Progress: Conflict-Driven Cooperative Learning in
                  Engineering Courses},
  booktitle =    {2015 {ASEE} Annual Conference and Exposition Proceedings}
}

@inproceedings{joshi:2016:ncs,
  year =         2016,
  month =        {3},
  publisher =    {American Society for Engineering Education},
  author =       {Swaroop Joshi and Neelam Soundarajan},
  title =        {Exploring conflict-based collaborative learning in engineering
                  courses},
  booktitle =    {{ASEE} North Central Sectional Conference Proceedings}
}

@inproceedings{joshi:2016:asee,
  year =         2016,
  month =        {6},
  publisher =    {American Society for Engineering Education},
  author =       {Swaroop Joshi and Neelam Soundarajan},
  title =        {{CONSIDER}: A Novel Approach to Conflict-Driven Collaborative
                  Learning in Engineering Courses},
  booktitle =    {2016 {ASEE} Annual Conference {\&} Exposition Proceedings}
}

@inproceedings{Josh1610:Enabling,
  AUTHOR =       "Swaroop Joshi and Neelam Soundarajan",
  TITLE =        "Enabling Deep Conceptual Learning in Computing Courses through
                  Conflict-based Collaborative Learning",
  BOOKTITLE =    "2016 IEEE Frontiers in Education Conference (FIE) (FIE 2016)",
  ADDRESS =      "Erie, USA",
  DAYS =         12,
  MONTH =        10,
  YEAR =         2016,
  KEYWORDS =     "Collaborative learning; Online discussions; Piaget's theory of
                  cognitive development"
}

@Inbook{Ahlqvist2018,
author="Ahlqvist, Ola
and Joshi, Swaroop
and Benkar, Rohan
and Vatev, Kiril
and Ramnath, Rajiv
and Heckler, Andrew
and Soundarajan, Neelam",
editor="Ahlqvist, Ola
and Schlieder, Christoph",
title="Defining a Geogame Genre Using Core Concepts of Games, Play, and Geographic Information and Thinking",
bookTitle="Geogames and Geoplay: Game-based Approaches to the Analysis of Geo-Information",
year="2018",
publisher="Springer International Publishing",
pages="19--35",
}
@inproceedings{joshi:2017:asee,
  year =         2017,
  publisher =    {American Society for Engineering Education},
  author =       {Swaroop Joshi and Neelam Soundarajan},
  title =        {Using {Anonymity} and {Rounds-Based} {Structure} for
                  {Effective} {Online} {Discussions} in {STEM} {Courses}},
  booktitle =    {124th {ASEE} Annual Conference {\&} Exposition Proceedings}
}

@inproceedings{joshi:2018:asee,
  title =        {Innovative Approach to Online Argumentation in Computing and
                  Engineering Courses},
  booktitle =    {125th {ASEE Annual Conference and Exposition}},
  publisher =    {American Society for Engineering Education},
  year =         2018,
  author =       {Swaroop Joshi and Neelam Soundarajan and Jeremy Morris}
}

@INPROCEEDINGS{Soun1810:Innovative,
AUTHOR="Neelam Soundarajan and Swaroop Joshi",
TITLE="Innovative Approach to Online Argumentation and Models for Structuring the
Arguments",
BOOKTITLE="2018 IEEE Frontiers in Education Conference (FIE) (FIE 2018)",
ADDRESS="San Jose, USA",
DAYS=3,
MONTH=oct,
YEAR=2018,
}
